[gd_scene load_steps=4 format=2]

[ext_resource path="res://entities/example/Wall.tscn" type="PackedScene" id=1]
[ext_resource path="res://entities/example/Example_Entity.tscn" type="PackedScene" id=2]
[ext_resource path="res://coletaveis/spawn/spawner.tscn" type="PackedScene" id=3]


[node name="Mapa_Teste" type="Node2D"]

[node name="Paredes" type="Node2D" parent="."]

[node name="Wall1" parent="Paredes" instance=ExtResource( 1 )]
position = Vector2( 100, 590 )
scale = Vector2( 10, 1 )

[node name="Wall2" parent="Paredes" instance=ExtResource( 1 )]
position = Vector2( 300, 570 )
scale = Vector2( 10, 1 )

[node name="Wall3" parent="Paredes" instance=ExtResource( 1 )]
position = Vector2( 500, 550 )
scale = Vector2( 10, 1 )

[node name="Wall4" parent="Paredes" instance=ExtResource( 1 )]
position = Vector2( 700, 530 )
scale = Vector2( 10, 1 )

[node name="Wall5" parent="Paredes" instance=ExtResource( 1 )]
position = Vector2( 474, 486 )
scale = Vector2( 10, 1 )

[node name="Wall6" parent="Paredes" instance=ExtResource( 1 )]
position = Vector2( 254, 446 )
scale = Vector2( 10, 1 )

[node name="Wall8" parent="Paredes" instance=ExtResource( 1 )]
position = Vector2( 483, 406 )
scale = Vector2( 10, 1 )

[node name="Wall9" parent="Paredes" instance=ExtResource( 1 )]
position = Vector2( 246, 366 )
scale = Vector2( 10, 1 )

[node name="Wall7" parent="Paredes" instance=ExtResource( 1 )]
position = Vector2( 810, 420 )
rotation = -1.5708
scale = Vector2( 10, 1 )

[node name="Example_Entity" parent="." groups=[
"Player",
] instance=ExtResource( 2 )]
position = Vector2( 100, 560 )
collision_mask = 3

[node name="Spawner" parent="." instance=ExtResource( 3 )]
position = Vector2( 703.236, 471.908 )

